<record><leader>00000cas a2200000 a 4500</leader><controlfield tag="001">57407622</controlfield><controlfield tag="007">hd afb020bucu</controlfield><controlfield tag="007">hd bfb020buau</controlfield><controlfield tag="007">hd bfb020bubu</controlfield><controlfield tag="008">050112d19001933wauwr nea     0    0eng c</controlfield><datafield ind1=" " ind2=" " tag="010"><subfield code="a">  2005252065</subfield></datafield><datafield ind1=" " ind2=" " tag="040"><subfield code="a">WAU</subfield><subfield code="b">eng</subfield><subfield code="c">WAU</subfield><subfield code="d">OCLCQ</subfield><subfield code="d">OCLCF</subfield><subfield code="d">OCLCO</subfield><subfield code="d">OCLCQ</subfield></datafield><datafield ind1=" " ind2=" " tag="042"><subfield code="a">pcc</subfield></datafield><datafield ind1=" " ind2=" " tag="043"><subfield code="a">n-us-wa</subfield></datafield><datafield ind1="0" ind2="4" tag="245"><subfield code="a">The Enumclaw courier.</subfield></datafield><datafield ind1=" " ind2=" " tag="260"><subfield code="a">Enumclaw, Wash. :</subfield><subfield code="b">V. Van Buskirk,</subfield><subfield code="c">-[1933]</subfield></datafield><datafield ind1=" " ind2=" " tag="300"><subfield code="a">volumes :</subfield><subfield code="b">illustrations</subfield></datafield><datafield ind1=" " ind2=" " tag="310"><subfield code="a">Weekly</subfield></datafield><datafield ind1=" " ind2=" " tag="336"><subfield code="a">text</subfield><subfield code="b">txt</subfield><subfield code="2">rdacontent</subfield></datafield><datafield ind1=" " ind2=" " tag="337"><subfield code="a">microform</subfield><subfield code="b">h</subfield><subfield code="2">rdamedia</subfield></datafield><datafield ind1=" " ind2=" " tag="338"><subfield code="a">microfilm reel</subfield><subfield code="b">hd</subfield><subfield code="2">rdacarrier</subfield></datafield><datafield ind1="1" ind2=" " tag="362"><subfield code="a">Began in 1900.</subfield></datafield><datafield ind1="0" ind2=" " tag="362"><subfield code="a">-v. 33, no. 44 (Sept. 29, 1933).</subfield></datafield><datafield ind1=" " ind2=" " tag="580"><subfield code="a">Merged with: Enumclaw herald, to form: Enumclaw courier-herald.</subfield></datafield><datafield ind1=" " ind2=" " tag="588"><subfield code="a">Description based on: Vol. 9, no. 41 (Apr. 30, 1909).</subfield></datafield><datafield ind1=" " ind2=" " tag="533"><subfield code="a">Microfilm.</subfield><subfield code="m">v.9:no. 41-v.33:no. 44 (Apr. 30,1909-Sept. 29, 1933)</subfield><subfield code="b">Seattle, Wash. :</subfield><subfield code="c">Filmed for the University of Washington,</subfield><subfield code="d">1993.</subfield><subfield code="e">7 microfilm reels ; 35 mm.</subfield></datafield><datafield ind1=" " ind2="0" tag="651"><subfield code="a">Enumclaw (Wash.)</subfield><subfield code="v">Newspapers.</subfield></datafield><datafield ind1=" " ind2="7" tag="651"><subfield code="a">Washington (State)</subfield><subfield code="z">Enumclaw.</subfield><subfield code="2">fast</subfield><subfield code="0">(OCoLC)fst01224168</subfield></datafield><datafield ind1=" " ind2="7" tag="655"><subfield code="a">Newspapers.</subfield><subfield code="2">fast</subfield><subfield code="0">(OCoLC)fst01423814</subfield></datafield><datafield ind1=" " ind2=" " tag="752"><subfield code="a">United States</subfield><subfield code="b">Washington</subfield><subfield code="c">King</subfield><subfield code="d">Enumclaw.</subfield></datafield><datafield ind1="1" ind2=" " tag="776"><subfield code="c">Original</subfield><subfield code="w">(DLC)sn 87093293</subfield><subfield code="w">(OCoLC)17216203</subfield></datafield><datafield ind1="1" ind2="7" tag="785"><subfield code="t">Enumclaw herald</subfield><subfield code="w">(DLC)  2005252066</subfield><subfield code="w">(OCoLC)42340617</subfield></datafield><datafield ind1="1" ind2="7" tag="785"><subfield code="t">Enumclaw courier-herald</subfield><subfield code="w">(DLC)  2005252063</subfield><subfield code="w">(OCoLC)57404034</subfield></datafield><datafield ind1=" " ind2=" " tag="850"><subfield code="a">WaU</subfield><subfield code="a">WaU (Master)</subfield></datafield><datafield ind1="1" ind2=" " tag="029"><subfield code="a">AU@</subfield><subfield code="b">000026537636</subfield></datafield></record>